@article{lab_guide,
  author   = {Médard Rieder. and Thomas Sterren.},
  title    = {Button Manager - Laboratory Guide},
  url      = {https://cyberlearn.hes-so.ch/mod/folder/view.php?id=1539125},
  addendum = {(accessed: december 2021)},
  keywords = {guide}
}

@article{labo,
  author   = {Médard Rieder. and Thomas Sterren.},
  title    = {PTR - Labor : ButtonManager v3.1},
  url      = {https://cyberlearn.hes-so.ch/mod/folder/view.php?id=1539125},
  addendum = {(accessed: december 2021)},
  keywords = {documentation}
}

@manual{coursPattern,
  author       = {Médard Rieder.},
  title        = {Pattern pour systèmes embarqués},
  addendum     = {2021},
}